<Document xmlns="urn:iso:std:iso:20022:tech:xsd:camt.052.001.08" xmlns:xsi="http://www.w3.org/2001/XMLSchema-instance" xsi:schemaLocation="urn:iso:std:iso:20022:tech:xsd:camt.052.001.08 camt.052.001.08.xsd"><BkToCstmrAcctRpt><GrpHdr><MsgId>52S.202208151900.0A66GQGZAD.001</MsgId><CreDtTm>2022-08-15T19:00:00.000+02:00</CreDtTm><MsgRcpt><Nm>Herrn Heinz Schmidt</Nm><PstlAdr><AdrLine>Berliner Weg 47 A</AdrLine><AdrLine>13435 Berlin</AdrLine></PstlAdr></MsgRcpt></GrpHdr><Rpt><Id>34548001156212420220815224940156027</Id><RptPgntn><PgNb>1</PgNb><LastPgInd>true</LastPgInd></RptPgntn><ElctrncSeqNb>105</ElctrncSeqNb><CreDtTm>2022-08-15T19:00:00.000+02:00</CreDtTm><FrToDt><FrDtTm>2022-08-15T00:00:00.000+02:00</FrDtTm><ToDtTm>2022-08-15T24:00:00.000+02:00</ToDtTm></FrToDt><Acct><Id><IBAN>DE68750200730123456789</IBAN></Id><Ccy>EUR</Ccy><Ownr><Nm>Herrn Heinz Schmidt</Nm><PstlAdr><AdrLine>Berliner Weg 47 A</AdrLine><AdrLine>13435 Berlin</AdrLine></PstlAdr></Ownr><Svcr><FinInstnId><BICFI>HYVEDEMM447</BICFI><Nm>UNICREDIT BANK AG</Nm><Othr><Id>DE 129273380</Id><Issr>UmsStId</Issr></Othr></FinInstnId></Svcr></Acct><Bal><Tp><CdOrPrtry><Cd>OPBD</Cd></CdOrPrtry></Tp><Amt Ccy="EUR">828.77</Amt><CdtDbtInd>CRDT</CdtDbtInd><Dt><Dt>2022-08-15</Dt></Dt></Bal><Bal><Tp><CdOrPrtry><Cd>CLBD</Cd></CdOrPrtry></Tp><Amt Ccy="EUR">797.33</Amt><CdtDbtInd>CRDT</CdtDbtInd><Dt><Dt>2022-08-15</Dt></Dt></Bal><Bal><Tp><CdOrPrtry><Cd>CLAV</Cd></CdOrPrtry></Tp><Amt Ccy="EUR">797.33</Amt><CdtDbtInd>CRDT</CdtDbtInd><Dt><Dt>2022-08-15</Dt></Dt></Bal><Ntry><NtryRef>0935890014004836</NtryRef><Amt Ccy="EUR">31.44</Amt><CdtDbtInd>DBIT</CdtDbtInd><Sts><Cd>BOOK</Cd></Sts><BookgDt><Dt>2022-08-15</Dt></BookgDt><ValDt><Dt>2022-08-15</Dt></ValDt><AcctSvcrRef>0935890014004836</AcctSvcrRef><BkTxCd><Domn><Cd>PMNT</Cd><Fmly><Cd>CCRD</Cd><SubFmlyCd>POSD</SubFmlyCd></Fmly></Domn><Prtry><Cd>106</Cd><Issr>DK</Issr></Prtry></BkTxCd><NtryDtls><TxDtls><Refs><EndToEndId>56036902255947130822195145</EndToEndId><TxId>DDA220815BSWC03317600059411</TxId><MndtId>556721</MndtId><ClrSysRef>DDA220815BSWC033176</ClrSysRef></Refs><Amt Ccy="EUR">31.44</Amt><BkTxCd><Domn><Cd>PMNT</Cd><Fmly><Cd>CCRD</Cd><SubFmlyCd>POSD</SubFmlyCd></Fmly></Domn><Prtry><Cd>NMSC+106+19</Cd><Issr>DK</Issr></Prtry></BkTxCd><RltdPties><Dbtr><Pty><Nm>ISSUER</Nm><Id><OrgId><Othr><Id>67222071</Id></Othr></OrgId></Id></Pty></Dbtr><DbtrAcct><Id><IBAN>DE68750200730123456789</IBAN></Id></DbtrAcct><Cdtr><Pty><Nm>Cindy + Michael Lind GbR</Nm><Id><PrvtId><Othr><Id>DE16RPA00000020245</Id></Othr></PrvtId></Id></Pty></Cdtr><CdtrAcct><Id><IBAN>DE41300500000001484310</IBAN></Id></CdtrAcct><UltmtCdtr><Pty><Nm>NAHKAUF M.LIND + C.LIND GBR//Berlin/DE</Nm><Id><OrgId><Othr><Id>NOTPROVIDED</Id></Othr></OrgId></Id></Pty></UltmtCdtr></RltdPties><RltdAgts><DbtrAgt><FinInstnId><BICFI>HYVEDEMM447</BICFI></FinInstnId></DbtrAgt><CdtrAgt><FinInstnId><BICFI>WELADEDDXXX</BICFI></FinInstnId></CdtrAgt></RltdAgts><Purp><Cd>IDCP</Cd></Purp><RltdDts><TxDtTm>2022-08-13T19:51:45.000+02:00</TxDtTm></RltdDts><CardTx><Card><PlainCardData><PAN>00000000</PAN><CardSeqNb>02</CardSeqNb><XpryDt>2025-12</XpryDt></PlainCardData></Card><POI><Id><Id>56036902</Id></Id></POI></CardTx></TxDtls></NtryDtls><AddtlNtryInf>POS-Kartenzahlung</AddtlNtryInf></Ntry></Rpt></BkToCstmrAcctRpt></Document>